<record><leader>00000cas a22000007a 4500</leader><controlfield tag="001">21480672</controlfield><controlfield tag="008">900504d19041985arudn ne      0    0eng d</controlfield><controlfield tag="009">8899</controlfield><datafield ind1=" " ind2=" " tag="010"><subfield code="a">sn 90050175 </subfield></datafield><datafield ind1=" " ind2=" " tag="040"><subfield code="a">ANU</subfield><subfield code="b">eng</subfield><subfield code="c">ANU</subfield><subfield code="d">DLC</subfield><subfield code="d">ANU</subfield><subfield code="d">OBN</subfield><subfield code="d">OCLCQ</subfield></datafield><datafield ind1="1" ind2=" " tag="029"><subfield code="a">AU@</subfield><subfield code="b">000025903185</subfield></datafield><datafield ind1=" " ind2=" " tag="042"><subfield code="a">msc</subfield></datafield><datafield ind1="0" ind2="4" tag="245"><subfield code="a">The Mena evening star.</subfield></datafield><datafield ind1="3" ind2="0" tag="246"><subfield code="a">Mena star</subfield></datafield><datafield ind1="3" ind2=" " tag="246"><subfield code="a">Mena evening star &amp; weekly star</subfield></datafield><datafield ind1="3" ind2=" " tag="246"><subfield code="a">Mena evening star &amp; bi-weekly star</subfield></datafield><datafield ind1="3" ind2=" " tag="246"><subfield code="a">Mena evening star &amp; semi-weekly star</subfield></datafield><datafield ind1="3" ind2=" " tag="246"><subfield code="a">Mena weekly star</subfield></datafield><datafield ind1="3" ind2=" " tag="246"><subfield code="a">Mena bi-weekly star</subfield></datafield><datafield ind1=" " ind2=" " tag="260"><subfield code="a">Mena, Ark. :</subfield><subfield code="b">A.W. St. John &amp; Sons</subfield></datafield><datafield ind1=" " ind2=" " tag="300"><subfield code="a">v.</subfield></datafield><datafield ind1=" " ind2=" " tag="310"><subfield code="a">Daily (except Saturday and Sunday)</subfield><subfield code="b">&lt;Nov. 2, 1977&gt;-Dec. 31, 1985</subfield></datafield><datafield ind1=" " ind2=" " tag="321"><subfield code="a">Daily (except Sunday)</subfield><subfield code="b">Sept. 8, 1904-&lt;Aug. 9, 1918&gt;</subfield></datafield><datafield ind1="0" ind2=" " tag="362"><subfield code="a">Vol. 6, no. 164 (Sept. 8, 1904)-v. 87, no. 256 (Dec. 31, 1985).</subfield></datafield><datafield ind1=" " ind2=" " tag="500"><subfield code="a">Published one day each week with title: Mena star, and issued also as a weekly edition, Nov. 2, 1977-Sept. 19, 1979. Published two days a week with title: Mena star, and issued also as a semiweekly edition, Sept. 24, 1979-Dec. 31, 1985. These issues generally bear dual numbering.</subfield></datafield><datafield ind1=" " ind2=" " tag="500"><subfield code="a">Published as: Mena evening star &amp; weekly star, Sep. 10, 1979-May 18, 1893.</subfield></datafield><datafield ind1=" " ind2=" " tag="500"><subfield code="a">Published as: Mena evening star &amp; bi-weekly star, May 19-May 20, 1985.</subfield></datafield><datafield ind1=" " ind2=" " tag="500"><subfield code="a">Published as: Mena evening star and semi-weekly star, May 22-Dec. 31, 1985.</subfield></datafield><datafield ind1=" " ind2=" " tag="500"><subfield code="a">Published as: Mena weekly star, Nov. 2, 1977-May 13,1983.</subfield></datafield><datafield ind1=" " ind2=" " tag="500"><subfield code="a">Published as: Mena bi-weekly star, May 16, 1983-May 20, 1985.</subfield></datafield><datafield ind1=" " ind2="4" tag="651"><subfield code="a">Mena (Ark.)</subfield><subfield code="v">Newspapers.</subfield></datafield><datafield ind1=" " ind2="4" tag="651"><subfield code="a">Polk County (Ark.)</subfield><subfield code="v">Newspapers.</subfield></datafield><datafield ind1=" " ind2=" " tag="752"><subfield code="a">United States</subfield><subfield code="b">Arkansas</subfield><subfield code="c">Polk</subfield><subfield code="d">Mena.</subfield></datafield><datafield ind1="0" ind2=" " tag="775"><subfield code="t">Mena weekly star (Mena, Ark. : 1904)</subfield><subfield code="w">(DLC)sn 89051213</subfield></datafield><datafield ind1="0" ind2="0" tag="780"><subfield code="t">Mena star (Mena, Ark. : 1899)</subfield><subfield code="w">(DLC)sn 90050162</subfield></datafield><datafield ind1="0" ind2="0" tag="785"><subfield code="t">Mena star (Mena, Ark. : 1986)</subfield><subfield code="w">(DLC)sn 84007746</subfield></datafield></record>